%%
%% WinShell 3.3.1.5
%% http://www.winshell.org/
%%

% Strings


% Preamble


% BibTeX Entries
@inproceedings{Arsigny2006,
 author               = {Arsigny, Vincent and Commowick, Olivier and Pennec, Xavier and Ayache, Nicholas},
 booktitle            = {MICCAI},
 chapter              = {113},
 citeulike-article-id = {6795485},
 pages                = {924--931},
 posted-at            = {2010-03-10 18:25:29},
 priority             = {2},
 title                = {{A Log-Euclidean Framework for Statistics on Diffeomorphisms}},
 year                 = {2006},
 }

@article{Ashburner2007,
 author               = {John Ashburner},
 doi                  = {j.neuroimage.2007.07.007},
 institution          = {Wellcome Trust Centre for Neuroimaging, 12 Queen Square, London, UK. j.ashburner@fil.ion.ac.uk},
 journal              = {Neuroimage},
 keywords             = {Algorithms; Artificial Intelligence; Brain; Humans; Image Enhancement; Image Interpretation, Computer-Assisted; Imaging, Three-Dimensional; Magnetic Resonance Imaging; Pattern Recognition, Automated; Reproduci; Sensitivity and Specificity; Subtraction Technique; bility of Results},
 month                = {Oct},
 number               = {1},
 pages                = {95--113},
 pii                  = {S1053-8119(07)00584-8},
 pmid                 = {17761438},
 timestamp            = {2009.06.06},
 title                = {A fast diffeomorphic image registration algorithm.},
 url                  = {http://dx.doi.org/j.neuroimage.2007.07.007},
 volume               = {38},
 year                 = {2007},
 }

@article{Beg2005Computing,
 author               = {Beg, M. Faisal and Miller, Michael I. and Trouv\~{A}{\copyright}, Alain and Younes, Laurent},
 day                  = {1},
 issn                 = {0920-5691},
 journal              = {International Journal of Computer Vision},
 keywords             = {registration},
 month                = {February},
 number               = {2},
 pages                = {139-157--157},
 publisher            = {Springer Netherlands},
 title                = {{Computing Large Deformation Metric Mappings via Geodesic Flows of Diffeomorphisms}},
 url                  = {http://dx.doi.org/10.1023/B:VISI.0000043755.93987.aa},
 volume               = {61},
 year                 = {2005},
 }

@article{Cachier2003,
 author               = {Cachier, Pascal and Bardinet, Eric and Dormont, Didier and Pennec, Xavier and Ayache, Nicholas},
 journal              = {Computer Vision and Image Understanding},
 month                = {Feb},
 number               = {2-3},
 pages                = {272--298},
 title                = {{Iconic feature based nonrigid registration: the PASHA algorithm}},
 volume               = {89},
 year                 = {2003},
 }

@inproceedings{Chen2010,
 author               = {Chen, Hua-mei and Goela, Aashish and Garvin, Gregory J. and Li, Shuo},
 bibsource            = {DBLP, http://dblp.uni-trier.de},
 booktitle            = {MICCAI (1)},
 pages                = {340-348},
 title                = {A Parameterization of Deformation Fields for Diffeomorphic Image Registration and Its Application to Myocardial Delineation},
 year                 = {2010},
 }

@inproceedings{Hernandez2008,
 author               = {Hernandez, M. and Olmos, S.},
 booktitle            = {5th IEEE International Symposium on Biomedical Imaging (ISBI): From Nano to Macro},
 pages                = {1083--1086},
 title                = {{Gauss-Newton Optimization in Diffeomorphic Registration}},
 year                 = {2008},
 }

@article{Horn1981,
 author               = {Horn, B.K.P. and Schunck, B.G.},
 bibsource            = {http://www.visionbib.com/bibliography/optic-f733.html#TT74534},
 journal              = {Artificial Intelligence},
 month                = {August},
 number               = {1-3},
 pages                = {185-203},
 title                = {Determining Optical Flow},
 volume               = {17},
 year                 = {1981},
 }

@article{Mahony2002,
 address              = {Hingham, MA, USA},
 author               = {Mahony, Robert and Manton, Jonathan H.},
 doi                  = {10.1023/A:1016586831090},
 issn                 = {0925-5001},
 journal              = {J. of Global Optimization},
 month                = {August},
 numpages             = {19},
 pages                = {309--327},
 publisher            = {Kluwer Academic Publishers},
 title                = {The Geometry of the Newton Method on Non-Compact Lie Groups},
 url                  = {http://portal.acm.org/citation.cfm?id=596103.596459},
 volume               = {23},
 year                 = {2002},
 }

@article{Mansi2010,
 author               = {Tommaso Mansi and Xavier Pennec and Maxime Sermesant and Herv{\'e} Delingette and Nicholas Ayache},
 journal              = {Med Image Comput Comput Assist Interv},
 number               = {Pt 2},
 pages                = {652-9},
 title                = {LogDemons revisited: consistent regularisation and incompressibility constraint for soft tissue tracking in medical images.},
 url                  = {http://www.biomedsearch.com/nih/LogDemons-revisited-consistent-regularisation-incompressibility/20879371.html},
 volume               = {13},
 year                 = {2010},
 }

@article{Nielsen1997,
 address              = {Norwell, MA, USA},
 author               = {Nielsen, Mads and Florack, Luc and Deriche, Rachid},
 doi                  = {10.1023/A:1008282127190},
 issn                 = {0924-9907},
 journal              = {J. Math. Imaging Vis.},
 keywords             = {edge detection filters, linear filtering, recursive filtering, regularization, scale invariance, scale-space},
 month                = {October},
 numpages             = {17},
 pages                = {291--307},
 publisher            = {Kluwer Academic Publishers},
 title                = {Regularization, Scale-Space, and Edge Detection Filters},
 url                  = {http://portal.acm.org/citation.cfm?id=273442.273443},
 volume               = {7},
 year                 = {1997},
 }

@book{Sternberg1964,
 author               = {S. Sternberg},
 publisher            = {Prentice Hall Inc.},
 title                = {Lectures on Differential Geometry},
 year                 = {1964},
 }

@article{Thirion98,
 author               = {Thirion, J. P.},
 doi                  = {10.1016/S1361-8415(98)80022-4},
 issn                 = {13618415},
 journal              = {Medical Image Analysis},
 keywords             = {demons, registration},
 month                = {September},
 number               = {3},
 pages                = {243--260},
 posted-at            = {2008-11-22 17:03:34},
 priority             = {0},
 publisher            = {Elsevier},
 title                = {{Image matching as a diffusion process: an analogy with Maxwell's demons}},
 url                  = {http://dx.doi.org/10.1016/S1361-8415(98)80022-4},
 volume               = {2},
 year                 = {1998},
 }

@article{Trouve1998,
 address              = {Hingham, MA, USA},
 author               = {Trouv\'{e}, Alain},
 doi                  = {10.1023/A:1008001603737},
 issn                 = {0920-5691},
 journal              = {Int. J. Comput. Vision},
 keywords             = {Lie group, deformations, diffeomorphisms group, geodesic distance, pattern matching, physically based models},
 month                = {July},
 numpages             = {9},
 pages                = {213--221},
 publisher            = {Kluwer Academic Publishers},
 title                = {Diffeomorphisms Groups and Pattern Matching in Image Analysis},
 url                  = {http://portal.acm.org/citation.cfm?id=294983.294985},
 volume               = {28},
 year                 = {1998},
 }

@incollection{Vercauteren2007,
 author               = {Vercauteren, Tom and Pennec, Xavier and Perchant, Aymeric and Ayache, Nicholas},
 booktitle            = {Medical Image Computing and Computer-Assisted Intervention ? MICCAI 2007},
 pages                = {319-326},
 publisher            = {Springer Berlin / Heidelberg},
 series               = {Lecture Notes in Computer Science},
 title                = {Non-parametric Diffeomorphic Image Registration with the Demons Algorithm},
 volume               = {4792},
 year                 = {2007},
 }

@inproceedings{Vercauteren2008Symmetric,
 author               = {Vercauteren, Tom and Pennec, Xavier and Perchant, Aymeric and Ayache, Nicholas},
 booktitle            = {MICCAI},
 journal              = {Medical Image Computing and Computer-Assisted Intervention â?? MICCAI 2008},
 keywords             = {demons, non-rigid, registration},
 pages                = {754--761},
 title                = {{Symmetric Log-Domain Diffeomorphic Registration: A Demons-Based Approach}},
 year                 = {2008},
 }

@article{Vercauteren2009,
 author               = {Tom Vercauteren and Xavier Pennec and Aymeric Perchant and Nicholas Ayache},
 doi                  = {10.1016/j.neuroimage.2008.10.040},
 institution          = {Mauna Kea Technologies, 9 rue d'Enghien, 75010 Paris, France. tom.vercauteren@maunakeatech.com},
 journal              = {Neuroimage},
 keywords             = {Algorithms; Humans; Image Processing, Computer-Assisted},
 month                = {Mar},
 number               = {1 Suppl},
 pages                = {S61--S72},
 title                = {Diffeomorphic demons: efficient non-parametric image registration.},
 url                  = {http://dx.doi.org/10.1016/j.neuroimage.2008.10.040},
 volume               = {45},
 year                 = {2009},
 }

@inproceedings{Zikic2010,
 author               = {Darko Zikic and Maximilian Baust and Ali Kamen and Nassir Navab},
 booktitle            = {MICCAI (2)},
 pages                = {586-593},
 title                = {Generalization of Deformable Registration in Riemannian Sobolev Spaces},
 year                 = {2010},
 }
 
 @article{Hernandez2009,
 author = {Hernandez, Monica and Bossa, Matias N. and Olmos, Salvador},
 title = {Registration of Anatomical Images Using Paths of Diffeomorphisms Parameterized with Stationary Vector Field Flows},
 journal = {Int. J. Comput. Vision},
 volume = {85},
 issue = {3},
 month = {December},
 year = {2009},
 issn = {0920-5691},
 pages = {291--306},
 numpages = {16},
 url = {http://portal.acm.org/citation.cfm?id=1644192.1644210},
 doi = {10.1007/s11263-009-0219-z},
 acmid = {1644210},
 publisher = {Kluwer Academic Publishers},
 address = {Hingham, MA, USA},
 keywords = {Computational Anatomy, Diffeomorphic registration, Efficient, Infinite dimensional, LDDMM, Riemannian manifold, Stationary parameterization},
} 
